%! Author = liste
%! Date = 3/7/2025

@inproceedings{branner1989mandelbrot,
    author = {Branner, Bodil},
    title = {The mandelbrot set},
    booktitle = {Proc. symp. appl. math},
    year = {1981},
    volume = {39},
    pages = {75--105},
}

@misc{stdexec,
    title = {NVIDIA/stdexec},
    author = {NVIDIA},
    howpublished = {GitHub},
    url = {https://github.com/NVIDIA/stdexec},
    license = {Apache License 2.0},
}

@article{P2300Proposal,
    title = {P2300 - std::execution},
    date = {2024-06-28},
    url = {https://www.open-std.org/jtc1/sc22/wg21/docs/papers/2024/p2300r10.html},
}

@article{sobel1968isotropic,
    author = {Sobel, Irwin},
    year = {2014},
    month = {02},
    pages = {},
    title = {An Isotropic 3x3 Image Gradient Operator},
    journal = {Presentation at Stanford A.I. Project 1968}
}