%! Author = liste
%! Date = 3/7/2025

@inproceedings{branner1989mandelbrot,
    author = {Branner, Bodil},
    title = {The mandelbrot set},
    booktitle = {Proc. symp. appl. math},
    year = {1981},
    volume = {39},
    pages = {75--105},
}